@book{Goodfellow-et-al-2016,
    title={Deep Learning},
    author={Ian Goodfellow and Yoshua Bengio and Aaron Courville},
    publisher={MIT Press},
    note={\url{http://www.deeplearningbook.org}},
    year={2016}
}

@article{DBLP:journals/corr/Graves13,
  author    = {Alex Graves},
  title     = {Generating Sequences With Recurrent Neural Networks},
  journal   = {CoRR},
  volume    = {abs/1308.0850},
  year      = {2013},
  url       = {http://arxiv.org/abs/1308.0850},
  timestamp = {Tue, 10 Dec 2013 12:03:02 +0100},
  biburl    = {http://dblp.uni-trier.de/rec/bib/journals/corr/Graves13},
  bibsource = {dblp computer science bibliography, http://dblp.org}
}

@book{Haugeland:1985:AIV:4694,
 author = {Haugeland, John},
 title = {Artificial Intelligence: The Very Idea},
 year = {1985},
 isbn = {0-262-08153-9},
 publisher = {Massachusetts Institute of Technology},
 address = {Cambridge, MA, USA},
} 


@techreport{deep-learning-methods-and-applications,
	Author = {Deng, Li and Yu, Dong},
	Month = {May},
	Publisher = {NOW Publishers},
	Title = {Deep Learning: Methods and Applications},
	Url = {https://www.microsoft.com/en-us/research/publication/deep-learning-methods-and-applications/},
	Year = {2014},
	Bdsk-Url-1 = {https://www.microsoft.com/en-us/research/publication/deep-learning-methods-and-applications/}}

@book{Bishop:2006:PRM:1162264,
 author = {Bishop, Christopher M.},
 title = {Pattern Recognition and Machine Learning (Information Science and Statistics)},
 year = {2006},
 isbn = {0387310738},
 publisher = {Springer-Verlag New York, Inc.},
 address = {Secaucus, NJ, USA},
} 

@book{Murphy:2012:MLP:2380985,
 author = {Murphy, Kevin P.},
 title = {Machine Learning: A Probabilistic Perspective},
 year = {2012},
 isbn = {0262018020, 9780262018029},
 publisher = {The MIT Press},
} 

@inproceedings{Legg:2007:CDI:1565455.1565458,
 author = {Legg, Shane and Hutter, Marcus},
 title = {A Collection of Definitions of Intelligence},
 booktitle = {Proceedings of the 2007 Conference on Advances in Artificial General Intelligence: Concepts, Architectures and Algorithms: Proceedings of the AGI Workshop 2006},
 year = {2007},
 isbn = {978-1-58603-758-1},
 pages = {17--24},
 numpages = {8},
 url = {http://dl.acm.org/citation.cfm?id=1565455.1565458},
 acmid = {1565458},
 publisher = {IOS Press},
 address = {Amsterdam, The Netherlands, The Netherlands},
} 

@book{Mitchell:1997:ML:541177,
 author = {Mitchell, Thomas M.},
 title = {Machine Learning},
 year = {1997},
 isbn = {0070428077, 9780070428072},
 edition = {1},
 publisher = {McGraw-Hill, Inc.},
 address = {New York, NY, USA},
} 

@book{hastie01statisticallearning,
  added-at = {2008-05-16T16:17:42.000+0200},
  address = {New York, NY, USA},
  author = {Hastie, Trevor and Tibshirani, Robert and Friedman, Jerome},
  biburl = {https://www.bibsonomy.org/bibtex/2f58afc5c9793fcc8ad8389824e57984c/sb3000},
  interhash = {d585aea274f2b9b228fc1629bc273644},
  intrahash = {f58afc5c9793fcc8ad8389824e57984c},
  keywords = {ml statistics},
  publisher = {Springer New York Inc.},
  series = {Springer Series in Statistics},
  timestamp = {2008-05-16T16:17:43.000+0200},
  title = {The Elements of Statistical Learning},
  year = 2001

@article{wolpert,
  author    = {David Wolpert},
  title     = {The lack of a priori distinctions between learning algorithms},
  journal   = {Neural Computation},
  year      = {1996}
}

